<record><leader>00000cas a22000007a 4500</leader><controlfield tag="001">13959325</controlfield><controlfield tag="008">860728u1922uuuutxucr ne      0    0eng d</controlfield><datafield ind1=" " ind2=" " tag="010"><subfield code="a">sn 86088306 </subfield></datafield><datafield ind1=" " ind2=" " tag="040"><subfield code="a">PPM</subfield><subfield code="b">eng</subfield><subfield code="c">PPM</subfield><subfield code="d">OCL</subfield><subfield code="d">OCLCQ</subfield></datafield><datafield ind1=" " ind2=" " tag="042"><subfield code="a">msc</subfield></datafield><datafield ind1="0" ind2="4" tag="245"><subfield code="a">The Bonham news and Fannin county favorite.</subfield></datafield><datafield ind1=" " ind2=" " tag="260"><subfield code="a">Bonham, Tex. :</subfield><subfield code="b">News Pub. Co.,</subfield><subfield code="c">1922-</subfield></datafield><datafield ind1=" " ind2=" " tag="300"><subfield code="a">v. :</subfield><subfield code="b">ill. ;</subfield><subfield code="c">57 cm.</subfield></datafield><datafield ind1=" " ind2=" " tag="310"><subfield code="a">Semiweekly</subfield></datafield><datafield ind1=" " ind2=" " tag="580"><subfield code="a">Formed by the union of: Bonham news and: Fannin County favorite.</subfield></datafield><datafield ind1=" " ind2=" " tag="588"><subfield code="a">Description based on: Vol. 57, no. 90 (Aug. 4, 1922).</subfield></datafield><datafield ind1=" " ind2=" " tag="752"><subfield code="a">United States</subfield><subfield code="b">Texas</subfield><subfield code="c">Fannin</subfield><subfield code="d">Bonham.</subfield></datafield><datafield ind1="0" ind2="4" tag="780"><subfield code="t">Bonham news</subfield><subfield code="w">(DLC)sn 86088145</subfield></datafield><datafield ind1="0" ind2="4" tag="780"><subfield code="t">Fannin county favorite</subfield><subfield code="w">(DLC)sn 86088145</subfield></datafield><datafield ind1="1" ind2=" " tag="029"><subfield code="a">AU@</subfield><subfield code="b">000023089011</subfield></datafield></record>